@article{Lane,
    author   = "David W. Lane",
    title    = "X-ray imaging and spectroscopy using low cost COTS CMOS sensors",
    journal  = "Nuclear Instruments and Methods in Physics Research B",
    number   = "284",
    pages    = "29-32",
    year     = "2012",
    month    = "Septiembre",
    note     = "",
}

@article{thompson2016xray,
  title={X-Ray Data Booklet, (Lawrence Berkeley National Laboratory, Berkeley, CA, 2009)},
  author={Thompson, A and Attwood, D and Gullikson, E and Howells, M and Kim, KJ and Kirz, J and Kortright, J and Lindau, I and Pianetta, P and Robinson, A and others},
  journal={There is no corresponding record for this reference},
  year={2019}
}

@booklet{xraybooklet,
  TITLE = {X-RAY DATA BOOKLET},
  AUTHOR = {Albert C. Thompson and Douglas Vaughan},
  YEAR = {2009},
  PUBLISHER = {Wiley},
}

@article{groom2004temperature,
  title={Temperature dependence of mean number of eh pairs per eV of X-ray energy deposit},
  author={Groom, Don and others},
  journal={wwwccd. lbl. gov/w Si. pdf},
  year={2009},

}

@misc{raspiraw,
  author = {6by9},
  title = {raspiraw},
  year = {2018},
  publisher = {GitHub},
  journal = {GitHub repository},
  howpublished = {\url{https://github.com/6by9/raspiraw}},
  commit = {094ad0ec90b0d04ba2ae4fd42d08ba7e4c9c32da}
}

@misc{picamera,
  author = {Dave Jones},
  title = {Picamera 1.13 Documentation},
  year = {2017},
  month = {Febrero},
  howpublished = {\url{https://picamera.readthedocs.io/en/release-1.13/}}
}

@article{ROE2005577,
title = "Boosted decision trees as an alternative to artificial neural networks for particle identification",
journal = "Nuclear Instruments and Methods in Physics Research Section A: Accelerators, Spectrometers, Detectors and Associated Equipment",
volume = "543",
number = "2",
pages = "577 - 584",
year = "2005",
issn = "0168-9002",
doi = "https://doi.org/10.1016/j.nima.2004.12.018",
url = "http://www.sciencedirect.com/science/article/pii/S0168900205000355",
author = "Byron P. Roe and Hai-Jun Yang and Ji Zhu and Yong Liu and Ion Stancu and Gordon McGregor",
keywords = "Boosted decision trees, Artificial neural network, Particle identification, Neutrino oscillations, MiniBooNE"
}
