@article{Lane,
    author   = "David W. Lane",
    title    = "X-ray imaging and spectroscopy using low cost COTS CMOS sensors",
    journal  = "Nuclear Instruments and Methods in Physics Research B",
    number   = "284",
    pages    = "29-32",
    year     = "2012",
    month    = "Septiembre",
    note     = ""
}

@booklet{xraybooklet,
  TITLE = {X-Ray Data Booklet},
  AUTHOR = {Albert C. Thompson y Douglas Vaughan},
  YEAR = {2009},
  PUBLISHER = {Wiley},
}

@article{groom2004temperature,
  title={Temperature dependence of mean number of eh pairs per eV of X-ray energy deposit},
  author={Groom, Don Et. Al},
  year={2009},
}

@misc{raspiraw,
  author = {6by9},
  title = {raspiraw},
  year = {2018},
  publisher = {GitHub},
  note = {GitHub repository},
  howpublished = {\url{https://github.com/6by9/raspiraw}},
  commit = {094ad0ec90b0d04ba2ae4fd42d08ba7e4c9c32da}
}

@misc{picamera,
  author = {Dave Jones},
  title = {Picamera 1.13 Documentation},
  year = {2017},
  month = {Febrero},
  howpublished = {\url{https://picamera.readthedocs.io/en/release-1.13/}}
}

@book{GriederCRAE,
  title = "Cosmic Rays at Earth",
  editor = "Grieder, Peter K.F. ",
  booktitle = "Cosmic Rays at Earth",
  publisher = "Elsevier",
  address = "Amsterdam",
  year = "2001",
  isbn = "978-0-444-50710-5",
  url = "https://www.sciencedirect.com/science/book/9780444507105"
}

@article{ROE2005577,
title = "Boosted decision trees as an alternative to artificial neural networks for particle identification",
journal = "Nuclear Instruments and Methods in Physics Research Section A: Accelerators, Spectrometers, Detectors and Associated Equipment",
volume = "543",
number = "2",
pages = "577 - 584",
year = "2005",
issn = "0168-9002",
doi = "https://doi.org/10.1016/j.nima.2004.12.018",
url = "http://www.sciencedirect.com/science/article/pii/S0168900205000355",
author = "Byron P. Roe and Hai-Jun Yang Et Al.",
keywords = "Boosted decision trees, Artificial neural network, Particle identification, Neutrino oscillations, MiniBooNE"
}

@INPROCEEDINGS{PerezCMOS, 
author={M. PÃ©rez y M. S. Haro Et Al.}, 
booktitle={EAMTA 2015}, 
title={Commercial CMOS pixel array for beta and gamma radiation particle counting}, 
year={2015}, 
volume={}, 
number={}, 
pages={11-16}, 
keywords={CMOS image sensors;beta-ray detection;counters;gamma-ray detection;CMOS image sensor;CMOS pixel array;beta radiation particle counting;gamma radiation particle counting;ionizing particle;low cost radiation detector;CMOS integrated circuits;Detectors;Noise;Photonics;Silicon;X-rays;CMOS Imagers;Dosimetry;Radiation}, 
doi={10.1109/EAMTA.2015.7237371}, 
ISSN={}, 
month={Julio}}

@article{CONNIE,
  author={CONNIE colaboration},
  title={The CONNIE experiment},
  journal={Journal of Physics: Conference Series},
  volume={761},
  number={1},
  pages={012057},
  url={http://stacks.iop.org/1742-6596/761/i=1/a=012057},
  year={2016},
}

@article{DAMIC,
  title={DAMIC: a novel dark matter experiment},
  author={DAMIC colaboration},
  year={2013},
  institution={Fermi National Accelerator Laboratory (FNAL), Batavia, IL (United States)}
}

@misc{Bertou,
  title={Global Challenges Research Fund},
  author={Monroe, J. y {Science and Technology Facilities Council}},
  note={{ST/R002908/1}}
}